@article{cruz2002sharp,
  title={Sharp error bounds for the trapezoidal rule and Simpson's rule},
  author={Cruz-Uribe, David and Neugebauer, CJ},
  journal={J. Inequal. Pure Appl. Math},
  volume={3},
  number={4},
  pages={1--22},
  year={2002}
}

@article{rahman1990characterization,
  title={Characterization of the speed of convergence of the trapezoidal rule},
  author={Rahman, Qazi I and Schmeisser, Gerhard},
  journal={Numerische Mathematik},
  volume={57},
  number={1},
  pages={123--138},
  year={1990},
  publisher={Springer}
}

@inproceedings{tu2019understanding,
  title={Understanding real-world concurrency bugs in go},
  author={Tu, Tengfei and Liu, Xiaoyu and Song, Linhai and Zhang, Yiying},
  booktitle={Proceedings of the Twenty-Fourth International Conference on Architectural Support for Programming Languages and Operating Systems},
  pages={865--878},
  year={2019}
}